<?xml version="1.0" encoding="UTF-8"?><record xmlns="http://www.loc.gov/MARC21/slim" xmlns:cinclude="http://apache.org/cocoon/include/1.0" xmlns:zs="http://www.loc.gov/zing/srw/">
  <leader>00786nz  a2200229n  4500</leader>
  <controlfield tag="001">no 99059909 </controlfield>
  <controlfield tag="003">DLC</controlfield>
  <controlfield tag="005">19990823171339.0</controlfield>
  <controlfield tag="008">990819n| acaabaaan          |a ana     c</controlfield>
  <datafield tag="010" ind1=" " ind2=" ">
    <subfield code="a">no 99059909 </subfield>
  </datafield>
  <datafield tag="035" ind1=" " ind2=" ">
    <subfield code="a">(OCoLC)oca05049188</subfield>
  </datafield>
  <datafield tag="040" ind1=" " ind2=" ">
    <subfield code="a">GU</subfield>
    <subfield code="b">eng</subfield>
    <subfield code="c">GU</subfield>
  </datafield>
  <datafield tag="130" ind1=" " ind2="0">
    <subfield code="a">Tom Everett series for brass</subfield>
  </datafield>
  <datafield tag="400" ind1="1" ind2=" ">
    <subfield code="a">Everett, Thomas G.</subfield>
    <subfield code="t">Tom Everett series for brass</subfield>
  </datafield>
  <datafield tag="430" ind1=" " ind2="0">
    <subfield code="a">Everett series for brass</subfield>
  </datafield>
  <datafield tag="530" ind1=" " ind2="0">
    <subfield code="a">Thomas G. Everett series for brass</subfield>
  </datafield>
  <datafield tag="643" ind1=" " ind2=" ">
    <subfield code="a">Waltham, Mass.</subfield>
    <subfield code="b">Nichols Music Co.</subfield>
  </datafield>
  <datafield tag="644" ind1=" " ind2=" ">
    <subfield code="a">f</subfield>
    <subfield code="5">GU</subfield>
  </datafield>
  <datafield tag="645" ind1=" " ind2=" ">
    <subfield code="a">t</subfield>
    <subfield code="5">DPCC</subfield>
    <subfield code="5">GU</subfield>
  </datafield>
  <datafield tag="646" ind1=" " ind2=" ">
    <subfield code="a">s</subfield>
    <subfield code="5">GU</subfield>
  </datafield>
  <datafield tag="670" ind1=" " ind2=" ">
    <subfield code="a">Ross, W. Brass quintet no. 1, c1998:</subfield>
    <subfield code="b">cover (The Tom Everett series for brass)</subfield>
  </datafield>
  <datafield tag="675" ind1=" " ind2=" ">
    <subfield code="a">Rosner, A. Sonata in B flat for trombone andpianoforte, c1998: cover (The Thomas G. Everett series for brass)</subfield>
  </datafield>
</record>